<?xml version="1.0" encoding="UTF-8"?>
<collection xmlns="http://www.loc.gov/MARC21/slim" xmlns:f="http://idi.ntnu.no/frbrizer/">
   <record f:id="c030e5a7-008d-37eb-9196-dc80fbf3f111"
           f:type="http://iflastandards.info/ns/fr/frbr/frbrer/C1001">
      <datafield tag="240" ind1="1" ind2="0">
         <subfield code="a" f:type="http://iflastandards.info/ns/fr/frbr/frbrer/P3001">Fruen fra havet.</subfield>
      </datafield>
      <f:relationship f:type="http://iflastandards.info/ns/fr/frbr/frbrer/P2001"
                      f:href="d978874a-6adb-3850-ae47-338dc914f4d0"/>
      <f:relationship f:type="http://iflastandards.info/ns/fr/frbr/frbrer/P2009"
                      f:href="4856508b-4568-3532-aed0-aea7030bcab7"/>
      <f:label>Fruen fra havet.</f:label>
   </record>
   <record f:id="cd8e30ce-5aec-3b27-bc8b-1a72c907d781"
           f:type="http://iflastandards.info/ns/fr/frbr/frbrer/C1001">
      <datafield tag="240" ind1="1" ind2="0">
         <subfield code="a" f:type="http://iflastandards.info/ns/fr/frbr/frbrer/P3001">Dukkehjem.</subfield>
      </datafield>
      <f:relationship f:type="http://iflastandards.info/ns/fr/frbr/frbrer/P2001"
                      f:href="5c8bb631-111e-3e73-8e46-4a02a0670775"/>
      <f:relationship f:type="http://iflastandards.info/ns/fr/frbr/frbrer/P2009"
                      f:href="4856508b-4568-3532-aed0-aea7030bcab7"/>
      <f:label>Dukkehjem.</f:label>
   </record>
   <record f:id="fee31e14-3e89-3ac6-9256-c37ae5c45fb7"
           f:type="http://iflastandards.info/ns/fr/frbr/frbrer/C1001">
      <datafield tag="240" ind1="1" ind2="0">
         <subfield code="a" f:type="http://iflastandards.info/ns/fr/frbr/frbrer/P3001">Bygmester Solness.</subfield>
      </datafield>
      <f:relationship f:type="http://iflastandards.info/ns/fr/frbr/frbrer/P2001"
                      f:href="58571a3d-ab86-353a-ac9d-455d9eaef756"/>
      <f:relationship f:type="http://iflastandards.info/ns/fr/frbr/frbrer/P2009"
                      f:href="4856508b-4568-3532-aed0-aea7030bcab7"/>
      <f:label>Bygmester Solness.</f:label>
   </record>
   <record f:id="58571a3d-ab86-353a-ac9d-455d9eaef756"
           f:type="http://iflastandards.info/ns/fr/frbr/frbrer/C1002"
           f:subtype="">
      <controlfield tag="008">100531s2010    enk           000 d eng d</controlfield>
      <datafield tag="041" ind1="1" ind2=" ">
         <subfield code="a" f:type="http://iflastandards.info/ns/fr/frbr/frbrer/P3011">eng</subfield>
      </datafield>
      <datafield tag="245" ind1="1" ind2="4">
         <subfield code="a" f:type="http://iflastandards.info/ns/fr/frbr/frbrer/P3008">The master builder /</subfield>
      </datafield>
      <f:relationship f:type="http://iflastandards.info/ns/fr/frbr/frbrer/P2002"
                      f:href="fee31e14-3e89-3ac6-9256-c37ae5c45fb7"/>
      <f:relationship f:type="http://iflastandards.info/ns/fr/frbr/frbrer/P2003"
                      f:href="01987e39-abaf-3198-9b9a-adcc2e8cab0c"/>
      <f:label>eng / The master builder /</f:label>
   </record>