
   <record f:id="5c8bb631-111e-3e73-8e46-4a02a0670775"
           f:type="http://iflastandards.info/ns/fr/frbr/frbrer/C1002"
           f:subtype="">
      <controlfield tag="008">120625s2012    enk           000 d eng d</controlfield>
      <datafield tag="041" ind1="1" ind2=" ">
         <subfield code="a" f:type="http://iflastandards.info/ns/fr/frbr/frbrer/P3011">eng</subfield>
      </datafield>
      <datafield tag="245" ind1="1" ind2="2">
         <subfield code="a" f:type="http://iflastandards.info/ns/fr/frbr/frbrer/P3008">A doll's house /</subfield>
      </datafield>
      <f:relationship f:type="http://iflastandards.info/ns/fr/frbr/frbrer/P2002"
                      f:href="cd8e30ce-5aec-3b27-bc8b-1a72c907d781"/>
      <f:relationship f:type="http://iflastandards.info/ns/fr/frbr/frbrer/P2003"
                      f:href="296d1882-392e-3884-bab7-39d38b9a09ec"/>
      <f:label>eng / A doll's house /</f:label>
   </record>