
   <record f:id="d978874a-6adb-3850-ae47-338dc914f4d0"
           f:type="http://iflastandards.info/ns/fr/frbr/frbrer/C1002"
           f:subtype="">
      <controlfield tag="008">120309s2012    enk           000 d eng d</controlfield>
      <datafield tag="041" ind1="1" ind2=" ">
         <subfield code="a" f:type="http://iflastandards.info/ns/fr/frbr/frbrer/P3011">eng</subfield>
      </datafield>
      <datafield tag="245" ind1="1" ind2="4">
         <subfield code="a" f:type="http://iflastandards.info/ns/fr/frbr/frbrer/P3008">The lady from the sea /</subfield>
      </datafield>
      <f:relationship f:type="http://iflastandards.info/ns/fr/frbr/frbrer/P2002"
                      f:href="c030e5a7-008d-37eb-9196-dc80fbf3f111"/>
      <f:relationship f:type="http://iflastandards.info/ns/fr/frbr/frbrer/P2003"
                      f:href="99230644-1ab3-336d-a71a-e8f3a67e90f3"/>
      <f:label>eng / The lady from the sea /</f:label>
   </record>