
   <record f:id="01987e39-abaf-3198-9b9a-adcc2e8cab0c"
           f:type="http://iflastandards.info/ns/fr/frbr/frbrer/C1003">
      <controlfield tag="001">015567251</controlfield>
      <controlfield tag="008">100531s2010    enk           000 d eng d</controlfield>
      <datafield tag="020" ind1=" " ind2=" ">
         <subfield code="a">9781848421066 (pbk.) :</subfield>
      </datafield>
      <datafield tag="020" ind1=" " ind2=" ">
         <subfield code="a">1848421060 (pbk.) :</subfield>
      </datafield>
      <datafield tag="245" ind1="1" ind2="4">
         <subfield code="a">The master builder /</subfield>
         <subfield code="c">Henrik Ibsen ; in a new version by David Edgar from a literal translation by Desireé Kongerød McDougall.</subfield>
      </datafield>
      <datafield tag="260" ind1=" " ind2=" ">
         <subfield code="a">London :</subfield>
         <subfield code="b">Nick Hern,</subfield>
         <subfield code="c">2010.</subfield>
      </datafield>
      <datafield tag="300" ind1=" " ind2=" ">
         <subfield code="a">ix, 92 p. ;</subfield>
         <subfield code="c">20 cm.</subfield>
      </datafield>
      <f:relationship f:type="http://iflastandards.info/ns/fr/frbr/frbrer/P2004"
                      f:href="58571a3d-ab86-353a-ac9d-455d9eaef756"/>
      <f:label>The master builder / / Henrik Ibsen ; in a new version by David Edgar from a literal translation by Desireé Kongerød McDougall.</f:label>
   </record>