
   <record f:id="296d1882-392e-3884-bab7-39d38b9a09ec"
           f:type="http://iflastandards.info/ns/fr/frbr/frbrer/C1003">
      <controlfield tag="001">016130108</controlfield>
      <controlfield tag="008">120625s2012    enk           000 d eng d</controlfield>
      <datafield tag="020" ind1=" " ind2=" ">
         <subfield code="a">9781408173312 (pbk.) :</subfield>
      </datafield>
      <datafield tag="020" ind1=" " ind2=" ">
         <subfield code="a">140817331X (pbk.) :</subfield>
      </datafield>
      <datafield tag="245" ind1="1" ind2="2">
         <subfield code="a">A doll's house /</subfield>
         <subfield code="c">Henrik Ibsen ; an English language version by Simon Stephens.</subfield>
      </datafield>
      <datafield tag="260" ind1=" " ind2=" ">
         <subfield code="a">London :</subfield>
         <subfield code="b">Methuen Drama,</subfield>
         <subfield code="c">2012.</subfield>
      </datafield>
      <datafield tag="300" ind1=" " ind2=" ">
         <subfield code="a">[18], 110 p. ;</subfield>
         <subfield code="c">20 cm.</subfield>
      </datafield>
      <f:relationship f:type="http://iflastandards.info/ns/fr/frbr/frbrer/P2004"
                      f:href="5c8bb631-111e-3e73-8e46-4a02a0670775"/>
      <f:label>A doll's house / / Henrik Ibsen ; an English language version by Simon Stephens.</f:label>
   </record>