
   <record f:id="99230644-1ab3-336d-a71a-e8f3a67e90f3"
           f:type="http://iflastandards.info/ns/fr/frbr/frbrer/C1003">
      <controlfield tag="001">016059359</controlfield>
      <controlfield tag="008">120309s2012    enk           000 d eng d</controlfield>
      <datafield tag="020" ind1=" " ind2=" ">
         <subfield code="a">9780571290383 (pbk.)</subfield>
      </datafield>
      <datafield tag="245" ind1="1" ind2="4">
         <subfield code="a">The lady from the sea /</subfield>
         <subfield code="c">Henrik Ibsen ; a version by Stephen Unwin.</subfield>
      </datafield>
      <datafield tag="260" ind1=" " ind2=" ">
         <subfield code="a">London :</subfield>
         <subfield code="b">Faber and Faber,</subfield>
         <subfield code="c">2012.</subfield>
      </datafield>
      <datafield tag="300" ind1=" " ind2=" ">
         <subfield code="a">110 p. ;</subfield>
         <subfield code="c">20 cm.</subfield>
      </datafield>
      <f:relationship f:type="http://iflastandards.info/ns/fr/frbr/frbrer/P2004"
                      f:href="d978874a-6adb-3850-ae47-338dc914f4d0"/>
      <f:label>The lady from the sea / / Henrik Ibsen ; a version by Stephen Unwin.</f:label>
   </record>