
   <record f:id="4856508b-4568-3532-aed0-aea7030bcab7"
           f:type="http://iflastandards.info/ns/fr/frbr/frbrer/C1005">
      <datafield tag="100" ind1="1" ind2=" ">
         <subfield code="a" f:type="http://iflastandards.info/ns/fr/frbr/frbrer/P3039">Ibsen, Henrik,</subfield>
         <subfield code="d" f:type="http://iflastandards.info/ns/fr/frbr/frbrer/P3040">1828-1906.</subfield>
      </datafield>
      <f:relationship f:type="http://iflastandards.info/ns/fr/frbr/frbrer/P2010"
                      f:href="cd8e30ce-5aec-3b27-bc8b-1a72c907d781"/>
      <f:relationship f:type="http://iflastandards.info/ns/fr/frbr/frbrer/P2010"
                      f:href="c030e5a7-008d-37eb-9196-dc80fbf3f111"/>
      <f:relationship f:type="http://iflastandards.info/ns/fr/frbr/frbrer/P2010"
                      f:href="fee31e14-3e89-3ac6-9256-c37ae5c45fb7"/>
      <f:label>Ibsen, Henrik,</f:label>
   </record>
</collection>